
   <record>
      <leader>00000nz  a2200000nc 4500</leader>
      <controlfield tag="001">institutions/30002551</controlfield>
      <controlfield tag="003">DE-633</controlfield>
      <controlfield tag="005">20250620052014.0</controlfield>
      <controlfield tag="008">161109||||z|||a|||||||||||||||||n||||||d</controlfield>
      <datafield tag="024" ind1="7" ind2=" ">
         <subfield code="a">SI-Lng</subfield>
         <subfield code="q">siglum</subfield>
         <subfield code="2">rism</subfield>
      </datafield>
      <datafield tag="034" ind1="1" ind2=" ">
         <subfield code="d">14.503999284626612</subfield>
         <subfield code="f">46.047648230611586</subfield>
      </datafield>
      <datafield tag="040" ind1=" " ind2=" ">
         <subfield code="a">DE-633</subfield>
         <subfield code="c">DE-633</subfield>
         <subfield code="e">rismg</subfield>
      </datafield>
      <datafield tag="043" ind1=" " ind2=" ">
         <subfield code="c">XA-SI</subfield>
      </datafield>
      <datafield tag="110" ind1="1" ind2=" ">
         <subfield code="a">Narodna in univerzitetna knjižnica, Glasbena zbirka</subfield>
         <subfield code="c">Ljubljana</subfield>
         <subfield code="g">SI-Lng</subfield>
      </datafield>
      <datafield tag="368" ind1=" " ind2=" ">
         <subfield code="a">Institution</subfield>
         <subfield code="a">Library</subfield>
      </datafield>
      <datafield tag="371" ind1=" " ind2=" ">
         <subfield code="a">Turjaška ulica 1</subfield>
         <subfield code="b">1000 Ljubljana</subfield>
         <subfield code="d">Slovenia</subfield>
         <subfield code="m">alenka.bagaric@nuk.uni-lj.si</subfield>
         <subfield code="u">https://www.nuk.uni-lj.si/nuk/organizacija/glasbena-zbirka</subfield>
         <subfield code="z">contact: dr. Alenka Bagarič</subfield>
         <subfield code="z">tel: +386 / (01) / 2001 151</subfield>
      </datafield>
      <datafield tag="410" ind1=" " ind2=" ">
         <subfield code="a">National and University Library, Music Collection</subfield>
      </datafield>
      <datafield tag="551" ind1="1" ind2=" ">
         <subfield code="a">Ljubljana</subfield>
         <subfield code="0">places/3900872</subfield>
      </datafield>
      <datafield tag="667" ind1=" " ind2=" ">
         <subfield code="a">Published sources: 203</subfield>
      </datafield>
   </record>