
   <record>
      <leader>00000nz  a2200000nc 4500</leader>
      <controlfield tag="001">institutions/30004107</controlfield>
      <controlfield tag="003">DE-633</controlfield>
      <controlfield tag="005">20250620052027.0</controlfield>
      <controlfield tag="008">161109||||z|||a|||||||||||||||||n||||||d</controlfield>
      <datafield tag="024" ind1="7" ind2=" ">
         <subfield code="a">23159032525801180644</subfield>
         <subfield code="2">VIAF</subfield>
      </datafield>
      <datafield tag="024" ind1="7" ind2=" ">
         <subfield code="a">Q914189</subfield>
         <subfield code="2">WKP</subfield>
      </datafield>
      <datafield tag="024" ind1="7" ind2=" ">
         <subfield code="a">SI-NGf</subfield>
         <subfield code="q">siglum</subfield>
         <subfield code="2">rism</subfield>
      </datafield>
      <datafield tag="034" ind1="1" ind2=" ">
         <subfield code="d">13.637127663947428</subfield>
         <subfield code="f">45.95026594782494</subfield>
      </datafield>
      <datafield tag="040" ind1=" " ind2=" ">
         <subfield code="a">DE-633</subfield>
         <subfield code="c">DE-633</subfield>
         <subfield code="e">rismg</subfield>
      </datafield>
      <datafield tag="043" ind1=" " ind2=" ">
         <subfield code="c">XA-SI</subfield>
      </datafield>
      <datafield tag="110" ind1="1" ind2=" ">
         <subfield code="a">Frančiškanski samostan Kostanjevica, Škrabčeva knjižnica</subfield>
         <subfield code="c">Nova Gorica</subfield>
         <subfield code="g">SI-NGf</subfield>
      </datafield>
      <datafield tag="368" ind1=" " ind2=" ">
         <subfield code="a">Institution</subfield>
         <subfield code="a">Library</subfield>
      </datafield>
      <datafield tag="371" ind1=" " ind2=" ">
         <subfield code="a">Škrabčeva ulica 1</subfield>
         <subfield code="b">Nova Gorica</subfield>
         <subfield code="d">Slovenia</subfield>
         <subfield code="e">5001</subfield>
         <subfield code="m">info@samostan-kostanjevica.si</subfield>
         <subfield code="u">https://www.samostan-kostanjevica.si/sl/%C5%A1krab%C4%8Deva-knji%C5%BEnica</subfield>
         <subfield code="z">tel: +386 / 5 330 77 50</subfield>
         <subfield code="z">fax: +386 / 5 330 77 51</subfield>
      </datafield>
      <datafield tag="410" ind1=" " ind2=" ">
         <subfield code="a">Convent of Kostanjevica, Škrabec Library</subfield>
      </datafield>
      <datafield tag="551" ind1="1" ind2=" ">
         <subfield code="a">Nova Gorica</subfield>
         <subfield code="0">places/3904098</subfield>
      </datafield>
   </record>